<?xml version="1.0" encoding="UTF-8"?><record xmlns="http://www.loc.gov/MARC21/slim" xmlns:cinclude="http://apache.org/cocoon/include/1.0" xmlns:zs="http://www.loc.gov/zing/srw/">
  <leader>00795cz  a2200193n  4500</leader>
  <controlfield tag="001">no2005084553</controlfield>
  <controlfield tag="003">DLC</controlfield>
  <controlfield tag="005">20100909075154.0</controlfield>
  <controlfield tag="008">050912n| acannaabn          |a aaa     c</controlfield>
  <datafield tag="010" ind1=" " ind2=" ">
    <subfield code="a">no2005084553</subfield>
  </datafield>
  <datafield tag="035" ind1=" " ind2=" ">
    <subfield code="a">(OCoLC)oca06729918</subfield>
  </datafield>
  <datafield tag="035" ind1=" " ind2=" ">
    <subfield code="a">(Uk)006280874</subfield>
  </datafield>
  <datafield tag="040" ind1=" " ind2=" ">
    <subfield code="a">InU</subfield>
    <subfield code="b">eng</subfield>
    <subfield code="c">InU</subfield>
    <subfield code="d">Uk</subfield>
  </datafield>
  <datafield tag="100" ind1="1" ind2=" ">
    <subfield code="a">Garrouste-Norelius, Christelle</subfield>
  </datafield>
  <datafield tag="400" ind1="1" ind2=" ">
    <subfield code="a">Norelius, Christelle Garrouste-</subfield>
  </datafield>
  <datafield tag="400" ind1="1" ind2=" ">
    <subfield code="a">Garrouste, Christelle</subfield>
  </datafield>
  <datafield tag="670" ind1=" " ind2=" ">
    <subfield code="a">Benchmarking education and training systems in Europe, c2004:</subfield>
    <subfield code="b">t.p. (Christelle Garrouste-Norelius)</subfield>
  </datafield>
  <datafield tag="670" ind1=" " ind2=" ">
    <subfield code="a">Determinants and consequences of language-in-education policies, 2007:</subfield>
    <subfield code="b">t.p. (Christelle Garrouste)</subfield>
  </datafield>
  <datafield tag="670" ind1=" " ind2=" ">
    <subfield code="a">REGINA database, 7 Sept. 2010</subfield>
    <subfield code="b">(hdg.: Garrouste Norelius, Christelle, 1976-; usage: Christelle Garrouste Norelius; Christelle Garrouste)</subfield>
  </datafield>
</record>